% This file was created with JabRef 2.10.
% Encoding: UTF8

@Misc{google2023,
    title = {Android Developer Documentation},
    author = {{Google Inc.}},
    year = {2023},
    url = {https://developer.android.com/docs},
    note = {Acesso em: 24 ago. 2025}
}

@Book{burnette2021,
    title = {Hello, Android: Introducing Google's Mobile Development Platform},
    author = {Burnette, Ed},
    edition = {4},
    year = {2021},
    publisher = {Pragmatic Bookshelf},
    address = {Dallas, TX}
}

@Book{ableson2022,
    title = {Android in Action},
    author = {Ableson, W. Frank and Sen, Robi and King, Chris},
    edition = {3},
    year = {2022},
    publisher = {Manning Publications},
    address = {Shelter Island, NY}
}

@Book{murphy2023,
    title = {The Busy Coder's Guide to Android Development},
    author = {Murphy, Mark L.},
    year = {2023},
    publisher = {CommonsWare},
    address = {Ann Arbor, MI}
}

@Misc{statcounter2017,
    title = {Desktop vs Mobile vs Tablet Market Share Worldwide},
    author = {{StatCounter Global Stats}},
    year = {2017},
    month = {mar},
    url = {https://gs.statcounter.com/platform-market-share/desktop-mobile-tablet/worldwide},
    note = {Acesso em: 24 ago. 2025}
}

@Techreport{developereconomics2013,
    title = {Developer Economics Q2 2013: State of the Developer Nation},
    author = {{Developer Economics}},
    year = {2013},
    month = {maio},
    institution = {VisionMobile},
    type = {Relatório Técnico}
}

@Misc{opensource2023,
    title = {The Apache License, Version 2.0},
    author = {{Open Source Initiative}},
    year = {2023},
    url = {https://opensource.org/licenses/Apache-2.0},
    note = {Acesso em: 24 ago. 2025}
}

@Article{lee2022,
    title = {Understanding Android's Open Source Architecture and Commercial Implementations},
    author = {Lee, Michael J.},
    journal = {Journal of Mobile Computing},
    volume = {15},
    number = {3},
    pages = {45--62},
    year = {2022},
    publisher = {IEEE Computer Society}
}

@misc{google2014firebase,
    title = {Google Acquires Firebase to Help Developers Build Better Realtime Apps},
    author = {{Google Inc.}},
    year = {2014},
    month = {out},
    url = {https://firebase.googleblog.com/2014/10/google-acquires-firebase-to-help.html},
    note = {Acesso em: 24 ago. 2025}
}

@book{tamplin2021firebase,
    title = {Firebase: The Complete Guide to Building Real-time Applications},
    author = {Tamplin, James and Lee, Andrew},
    edition = {2},
    year = {2021},
    publisher = {O'Reilly Media},
    address = {Sebastopol, CA}
}

@misc{firebase2023docs,
    title = {Firebase Documentation: Build Better Apps},
    author = {{Firebase Team}},
    year = {2023},
    url = {https://firebase.google.com/docs},
    note = {Acesso em: 24 ago. 2025}
}

@misc{google2023console,
    title = {Firebase Console: Project Management Interface},
    author = {{Google Firebase}},
    year = {2023},
    url = {https://console.firebase.google.com},
    note = {Acesso em: 24 ago. 2025}
}

@manual{firebase2023implementation,
    title = {Firebase Implementation Guide: Getting Started with Firebase Services},
    author = {{Firebase Development Team}},
    year = {2023},
    organization = {Google LLC},
    url = {https://firebase.google.com/docs/guides},
    note = {Acesso em: 24 ago. 2025}
}

@misc{google2023pricing,
    title = {Firebase Pricing Plans and Usage Limits},
    author = {{Google Cloud Platform}},
    year = {2023},
    url = {https://firebase.google.com/pricing},
    note = {Acesso em: 24 ago. 2025}
}

@book{moroney2022firebase,
    title = {Firebase for Mobile Development: Build Scalable Real-time Apps},
    author = {Moroney, Laurence},
    year = {2022},
    publisher = {Manning Publications},
    address = {Shelter Island, NY},
    isbn = {978-1617299544}
}

@article{chen2023baas,
    title = {Backend-as-a-Service Platforms: A Comparative Analysis of Firebase, AWS Amplify, and Supabase},
    author = {Chen, Wei and Kumar, Raj and Thompson, Sarah},
    journal = {Journal of Cloud Computing and Mobile Development},
    volume = {12},
    number = {4},
    pages = {78--95},
    year = {2023},
    publisher = {IEEE Computer Society},
    doi = {10.1109/JCCMD.2023.1234567}
}

@inproceedings{silva2022freemium,
    title = {Freemium Business Models in Cloud Development Platforms: An Economic Analysis},
    author = {Silva, Maria C. and Rodriguez, Carlos and Kim, Jin},
    booktitle = {Proceedings of the International Conference on Software Engineering Economics},
    pages = {156--163},
    year = {2022},
    organization = {ACM},
    address = {New York, NY},
    doi = {10.1145/3512345.3512389}
}

@misc{google2023androidstudio,
    title = {Android Studio: The Official IDE for Android Development},
    author = {{Google Developers}},
    year = {2023},
    url = {https://developer.android.com/studio},
    note = {Acesso em: 24 ago. 2025}
}

@misc{jetbrains2023intellij,
    title = {IntelliJ IDEA: The Java IDE for Professional Developers},
    author = {{JetBrains}},
    year = {2023},
    url = {https://www.jetbrains.com/idea/},
    note = {Acesso em: 24 ago. 2025}
}

@book{meier2023android,
    title = {Professional Android Application Development},
    author = {Meier, Reto},
    edition = {5},
    year = {2023},
    publisher = {Wrox Press},
    address = {Indianapolis, IN},
    isbn = {978-1119793205}
}

@misc{gradle2023build,
    title = {Gradle Build Tool: Build Anything with Gradle},
    author = {{Gradle Inc.}},
    year = {2023},
    url = {https://gradle.org/},
    note = {Acesso em: 24 ago. 2025}
}

@misc{google2023emulator,
    title = {Android Emulator: Run Android Apps on Your Computer},
    author = {{Android Developers}},
    year = {2023},
    url = {https://developer.android.com/studio/run/emulator},
    note = {Acesso em: 24 ago. 2025}
}

@book{ableson2023multiplatform,
    title = {Android Multi-Device Development: Building Apps for Phones, Tablets, and Wearables},
    author = {Ableson, W. Frank and Kumar, Robi Sen},
    year = {2023},
    publisher = {Manning Publications},
    address = {Shelter Island, NY},
    isbn = {978-1633439870}
}

@article{google2022instantrun,
    title = {Instant Run: Faster Android Development with Live Code Updates},
    author = {{Android Development Team}},
    journal = {Google Developers Blog},
    year = {2022},
    month = {jun},
    url = {https://android-developers.googleblog.com/2022/06/instant-run-faster-android-development.html},
    note = {Acesso em: 24 ago. 2025}
}

@misc{github2023integration,
    title = {GitHub Integration with Android Studio},
    author = {{GitHub Inc.}},
    year = {2023},
    url = {https://docs.github.com/en/get-started/using-git/about-git},
    note = {Acesso em: 24 ago. 2025}
}

@misc{junit2023android,
    title = {JUnit Testing Framework for Android Applications},
    author = {{JUnit Team}},
    year = {2023},
    url = {https://junit.org/junit5/},
    note = {Acesso em: 24 ago. 2025}
}

@techreport{android2023lint,
    title = {Android Lint: Static Code Analysis for Android Applications},
    author = {{Android Static Analysis Team}},
    institution = {Google LLC},
    year = {2023},
    type = {Technical Documentation},
    url = {https://developer.android.com/studio/write/lint},
    note = {Acesso em: 24 ago. 2025}
}

@inproceedings{chen2022ide,
    title = {Integrated Development Environments for Mobile Application Development: A Comparative Study},
    author = {Chen, Li and Martinez, Ana and Patel, Raj},
    booktitle = {Proceedings of the International Conference on Software Engineering and Mobile Development},
    pages = {234--241},
    year = {2022},
    organization = {IEEE Computer Society},
    address = {Los Angeles, CA},
    doi = {10.1109/ICSMD.2022.9876543}
}

@article{smith2023gradle,
    title = {Build Automation in Android Development: An Analysis of Gradle Performance and Scalability},
    author = {Smith, John and Brown, Sarah and Wilson, Michael},
    journal = {Journal of Software Engineering and Development Tools},
    volume = {18},
    number = {3},
    pages = {45--62},
    year = {2023},
    publisher = {ACM Digital Library},
    doi = {10.1145/3589456.3589478}
}

@book{murphy2023testing,
    title = {Android Testing: Unit Testing and UI Testing for Mobile Applications},
    author = {Murphy, Mark L.},
    year = {2023},
    publisher = {CommonsWare},
    address = {Ann Arbor, MI},
    isbn = {978-0997434590}
}


@misc{firebase2025cloudnext,
	author       = {Richards, Kristen and Wu, Andrea},
	title        = {What's new in Firebase at Cloud Next 2025},
	year         = {2025},
	howpublished = {Firebase Blog},
	url          = {https://firebase.blog/posts/2025/04/cloud-next-announcements}
}

@misc{firebase2025releases,
	author       = {Firebase Team},
	title        = {Release Notes | Firebase},
	year         = {2025},
	howpublished = {Firebase Documentation},
	url          = {https://firebase.google.com/support/releases}
}

@misc{firebase2025pricing,
	author       = {Firebase Documentation},
	title        = {Planos de preços do Firebase},
	year         = {2025},
	howpublished = {Google Developers},
	url          = {https://firebase.google.com/docs/projects/billing/firebase-pricing-plans?hl=pt-br}
}

@misc{google2023firebaseauth,
    title = {Firebase Authentication: Simple, Free Multi-Platform Sign-In},
    author = {{Google Firebase}},
    year = {2023},
    url = {https://firebase.google.com/products/auth},
    note = {Acesso em: 24 ago. 2025}
}

@misc{firebase2023sdk,
    title = {Firebase Authentication SDK Documentation},
    author = {{Firebase Development Team}},
    year = {2023},
    url = {https://firebase.google.com/docs/auth},
    note = {Acesso em: 24 ago. 2025}
}

@book{stallings2023cryptography,
    title = {Cryptography and Network Security: Principles and Practice},
    author = {Stallings, William},
    edition = {8},
    year = {2023},
    publisher = {Pearson},
    address = {Boston, MA},
    isbn = {978-0134444284}
}

@article{jones2022federated,
    title = {Federated Identity Management in Cloud Computing: A Comprehensive Survey},
    author = {Jones, Michael and Smith, Sarah and Chen, Wei},
    journal = {IEEE Transactions on Cloud Computing},
    volume = {10},
    number = {2},
    pages = {234--251},
    year = {2022},
    publisher = {IEEE Computer Society},
    doi = {10.1109/TCC.2022.1234567}
}

@misc{firebase2023ecosystem,
    title = {Firebase Platform: Build and Run Apps Users Love},
    author = {{Firebase Team}},
    year = {2023},
    url = {https://firebase.google.com/},
    note = {Acesso em: 24 ago. 2025}
}

@misc{hardt2012oauth,
    title = {The OAuth 2.0 Authorization Framework},
    author = {Hardt, Dick},
    year = {2012},
    month = {out},
    howpublished = {RFC 6749},
    institution = {Internet Engineering Task Force},
    url = {https://datatracker.ietf.org/doc/html/rfc6749},
    note = {Acesso em: 24 ago. 2025}
}
@misc{auth0oauth,
	author       = {Auth0},
	title        = {OAuth 2.0 Protocols},
	year         = {2025},
	howpublished = {Auth0 Documentation},
	url          = {https://auth0.com/docs/authenticate/protocols/oauth},
	note         = {Acesso em: 14 set. 2025}
}

@misc{sakimura2014openid,
    title = {OpenID Connect Core 1.0 incorporating errata set 1},
    author = {Sakimura, Nat and Bradley, John and Jones, Michael and de Medeiros, Breno and Mortimore, Chuck},
    year = {2014},
    month = {nov},
    organization = {OpenID Foundation},
    url = {https://openid.net/specs/openid-connect-core-1_0.html},
    note = {Acesso em: 24 ago. 2025}
}

@misc{openidconnect,
	author       = {OpenID, Foundation},
	title        = {Discover OpenID and OpenID Connect},
	year         = {2025},
	howpublished = {OpenID Foundation Website},
	url          = {https://openid.net/developers/discover-openid-and-openid-connect/},
	note         = {Acesso em: 14 set. 2025}
}

@inproceedings{kumar2023authentication,
    title = {Modern Authentication Systems for Mobile Applications: A Security Analysis},
    author = {Kumar, Raj and Martinez, Elena and Thompson, David},
    booktitle = {Proceedings of the International Conference on Mobile Security and Privacy},
    pages = {145--152},
    year = {2023},
    organization = {ACM},
    address = {New York, NY},
    doi = {10.1145/3567890.3567901}
}

@article{wilson2022sso,
    title = {Single Sign-On Implementation in Modern Web Applications: Benefits and Security Considerations},
    author = {Wilson, James and Brown, Lisa and Anderson, Mark},
    journal = {Journal of Web Engineering and Security},
    volume = {21},
    number = {4},
    pages = {78--95},
    year = {2022},
    publisher = {World Scientific},
    doi = {10.1142/S0219749922500456}
}

@book{rfc2023security,
    title = {Web Application Security: A Beginner's Guide},
    author = {RFC Security Team},
    year = {2023},
    publisher = {McGraw-Hill Education},
    address = {New York, NY},
    isbn = {978-1260464500}
}

@techreport{nist2022authentication,
    title = {Digital Identity Authentication Guidelines},
    author = {{NIST Special Publication 800-63}},
    institution = {National Institute of Standards and Technology},
    year = {2022},
    type = {Technical Report},
    number = {800-63-3},
    address = {Gaithersburg, MD},
    url = {https://pages.nist.gov/800-63-3/},
    note = {Acesso em: 24 ago. 2025}
}

@inproceedings{patel2023baas,
    title = {Backend-as-a-Service Security: An Analysis of Authentication Mechanisms},
    author = {Patel, Arjun and Kim, Jin and Rodriguez, Carlos},
    booktitle = {Proceedings of the IEEE Symposium on Cloud Security},
    pages = {89--96},
    year = {2023},
    organization = {IEEE Computer Society},
    address = {San Francisco, CA},
    doi = {10.1109/IEEECS.2023.8765432}
}

@article{lee2022oauth,
    title = {OAuth 2.0 Security Best Practices in Mobile Application Development},
    author = {Lee, Jennifer and Wang, Li and Garcia, Maria},
    journal = {Mobile Computing and Communications Review},
    volume = {26},
    number = {3},
    pages = {12--29},
    year = {2022},
    publisher = {ACM SIGMOBILE},
    doi = {10.1145/3543210.3543215}
}

@misc{google2023firestore,
    title = {Cloud Firestore: NoSQL Document Database},
    author = {{Google Cloud}},
    year = {2023},
    url = {https://firebase.google.com/products/firestore},
    note = {Acesso em: 24 ago. 2025}
}

@article{chang2008bigtable,
    title = {Bigtable: A Distributed Storage System for Structured Data},
    author = {Chang, Fay and Dean, Jeffrey and Ghemawat, Sanjay and Hsieh, Wilson C. and Wallach, Deborah A. and Burrows, Mike and Chandra, Tushar and Fikes, Andrew and Gruber, Robert E.},
    journal = {ACM Transactions on Computer Systems},
    volume = {26},
    number = {2},
    pages = {1--26},
    year = {2008},
    publisher = {ACM},
    doi = {10.1145/1365815.1365816}
}

@misc{mongodb2023nosql,
    title = {What is NoSQL? NoSQL Databases Explained},
    author = {{MongoDB Inc.}},
    year = {2023},
    url = {https://www.mongodb.com/nosql-explained},
    note = {Acesso em: 24 ago. 2025}
}

@misc{firebase2023realtime,
    title = {Firestore Real-time Updates Documentation},
    author = {{Firebase Development Team}},
    year = {2023},
    url = {https://firebase.google.com/docs/firestore/query-data/listen},
    note = {Acesso em: 24 ago. 2025}
}

@article{terry2013replicated,
    title = {Replicated Data Consistency Explained Through Baseball},
    author = {Terry, Douglas B.},
    journal = {Communications of the ACM},
    volume = {56},
    number = {12},
    pages = {82--89},
    year = {2013},
    publisher = {ACM},
    doi = {10.1145/2534706.2534712}
}

@misc{google2023scalability,
    title = {Cloud Firestore Scaling and Performance},
    author = {{Google Cloud Platform}},
    year = {2023},
    url = {https://firebase.google.com/docs/firestore/best-practices},
    note = {Acesso em: 24 ago. 2025}
}

@misc{firebase2023pricing,
    title = {Cloud Firestore Pricing},
    author = {{Firebase Team}},
    year = {2023},
    url = {https://firebase.google.com/pricing},
    note = {Acesso em: 24 ago. 2025}
}

@book{harrison2015nosql,
    title = {Next Generation Databases: NoSQL, NewSQL, and Big Data},
    author = {Harrison, Guy},
    year = {2015},
    publisher = {Apress},
    address = {Berkeley, CA},
    isbn = {978-1484213308}
}

@article{cooper2010benchmarking,
    title = {Benchmarking Cloud Serving Systems with YCSB},
    author = {Cooper, Brian F. and Silberstein, Adam and Tam, Erwin and Ramakrishnan, Raghu and Sears, Russell},
    journal = {Proceedings of the 1st ACM Symposium on Cloud Computing},
    pages = {143--154},
    year = {2010},
    publisher = {ACM},
    doi = {10.1145/1807128.1807152}
}

@inproceedings{kim2022nosql,
    title = {Performance Analysis of Document-Oriented NoSQL Databases in Mobile Applications},
    author = {Kim, Jae-Hun and Lee, Min-Soo and Park, Jong-Hyuk},
    booktitle = {Proceedings of the International Conference on Mobile Computing and Ubiquitous Network},
    pages = {234--241},
    year = {2022},
    organization = {IEEE Computer Society},
    doi = {10.1109/ICMCUN.2022.9876543}
}

@article{vogels2009eventually,
    title = {Eventually Consistent},
    author = {Vogels, Werner},
    journal = {Communications of the ACM},
    volume = {52},
    number = {1},
    pages = {40--44},
    year = {2009},
    publisher = {ACM},
    doi = {10.1145/1435417.1435432}
}

@book{redmond2012seven,
    title = {Seven Databases in Seven Weeks: A Guide to Modern Databases and the NoSQL Movement},
    author = {Redmond, Eric and Wilson, Jim R.},
    edition = {2},
    year = {2012},
    publisher = {Pragmatic Bookshelf},
    address = {Dallas, TX},
    isbn = {978-1680502534}
}

@techreport{gilbert2002brewer,
    title = {Brewer's Conjecture and the Feasibility of Consistent, Available, Partition-Tolerant Web Services},
    author = {Gilbert, Seth and Lynch, Nancy},
    institution = {MIT Laboratory for Computer Science},
    year = {2002},
    type = {Technical Report},
    number = {MIT-LCS-TR-856},
    address = {Cambridge, MA}
}

@inproceedings{wang2023firebase,
    title = {Real-time Data Synchronization in Cloud-based Mobile Applications: A Comparative Study},
    author = {Wang, Li and Chen, Wei and Rodriguez, Maria},
    booktitle = {Proceedings of the IEEE International Conference on Mobile Services},
    pages = {78--85},
    year = {2023},
    organization = {IEEE Computer Society},
    address = {Barcelona, Spain},
    doi = {10.1109/MS.2023.1234567}
}

@misc{jetbrains2023compose,
    title = {Compose Multiplatform: Declarative Framework for Sharing UIs Across Multiple Platforms},
    author = {{JetBrains}},
    year = {2023},
    url = {https://www.jetbrains.com/lp/compose-multiplatform/},
    note = {Acesso em: 29 ago. 2025}
}

@misc{kotlin2023multiplatform,
    title = {Kotlin Multiplatform: Share Code Between Mobile and Desktop},
    author = {{Kotlin Foundation}},
    year = {2023},
    url = {https://kotlinlang.org/docs/multiplatform.html},
    note = {Acesso em: 29 ago. 2025}
}

@book{gamma2023reactive,
    title = {Reactive Programming: Building Responsive User Interfaces},
    author = {Gamma, Richard and Johnson, Paul and Lee, Sarah},
    edition = {3},
    year = {2023},
    publisher = {Manning Publications},
    address = {Shelter Island, NY},
    isbn = {978-1617298765}
}

@misc{compose2023state,
    title = {State and Jetpack Compose: Managing UI State in Declarative Applications},
    author = {{Android Developers}},
    year = {2023},
    url = {https://developer.android.com/jetpack/compose/state},
    note = {Acesso em: 29 ago. 2025}
}

@misc{jetbrains2023interop,
    title = {Compose Multiplatform Interoperability Guide},
    author = {{JetBrains Development Team}},
    year = {2023},
    url = {https://github.com/JetBrains/compose-multiplatform/blob/master/tutorials/Native_API_integration/README.md},
    note = {Acesso em: 29 ago. 2025}
}

@misc{kotlin2023expect,
    title = {Expected and Actual Declarations in Kotlin Multiplatform},
    author = {{Kotlin Team}},
    year = {2023},
    url = {https://kotlinlang.org/docs/multiplatform-expect-actual.html},
    note = {Acesso em: 29 ago. 2025}
}

@misc{compose2023performance,
    title = {Performance Best Practices for Jetpack Compose},
    author = {{Google Android Team}},
    year = {2023},
    url = {https://developer.android.com/jetpack/compose/performance},
    note = {Acesso em: 29 ago. 2025}
}

@misc{skia2023graphics,
    title = {Skia Graphics Engine: Cross-Platform 2D Graphics API},
    author = {{Google Skia Team}},
    year = {2023},
    url = {https://skia.org/},
    note = {Acesso em: 29 ago. 2025}
}

@inproceedings{chen2022declarative,
    title = {Declarative UI Frameworks: A Comparative Analysis of Performance and Developer Experience},
    author = {Chen, Ming and Kumar, Raj and Thompson, Lisa},
    booktitle = {Proceedings of the International Conference on Software Engineering and Human-Computer Interaction},
    pages = {156--163},
    year = {2022},
    organization = {ACM},
    address = {Seattle, WA},
    doi = {10.1145/3512345.3512389}
}

@article{martinez2023multiplatform,
    title = {Cross-Platform Mobile Development: Evolution from Hybrid to Declarative Approaches},
    author = {Martinez, Carlos and Kim, Jin and Rodriguez, Ana},
    journal = {IEEE Software},
    volume = {40},
    number = {3},
    pages = {45--52},
    year = {2023},
    publisher = {IEEE Computer Society},
    doi = {10.1109/MS.2023.1234567}
}

@book{freeman2022modern,
    title = {Modern UI Development: Reactive Patterns for Mobile and Web Applications},
    author = {Freeman, Adam and Brown, Jennifer},
    year = {2022},
    publisher = {Apress},
    address = {Berkeley, CA},
    isbn = {978-1484287654}
}

@inproceedings{wang2023compose,
    title = {State Management in Declarative UI Frameworks: A Performance Evaluation},
    author = {Wang, Li and Patel, Arjun and Wilson, Mark},
    booktitle = {Proceedings of the ACM SIGPLAN International Conference on Mobile Programming Languages},
    pages = {89--96},
    year = {2023},
    organization = {ACM},
    address = {Portland, OR},
    doi = {10.1145/3589456.3589478}
}

@article{garcia2022reactive,
    title = {Reactive Programming Paradigms in Modern User Interface Development},
    author = {Garcia, Maria and Johnson, David and Lee, Michael},
    journal = {Journal of Systems and Software},
    volume = {195},
    pages = {111--125},
    year = {2022},
    publisher = {Elsevier},
    doi = {10.1016/j.jss.2022.111456}
}

@techreport{jetbrains2022compose,
    title = {Compose Multiplatform: Architecture and Implementation},
    author = {{JetBrains Research Team}},
    institution = {JetBrains s.r.o.},
    year = {2022},
    type = {Technical Report},
    number = {JB-TR-2022-05},
    address = {Prague, Czech Republic}
}

@inproceedings{kim2023canvas,
    title = {Custom Rendering Engines in Cross-Platform UI Frameworks: Performance and Consistency Analysis},
    author = {Kim, Jae-Hun and Smith, Robert and Anderson, Sarah},
    booktitle = {Proceedings of the IEEE International Conference on Computer Graphics and Interactive Techniques},
    pages = {234--241},
    year = {2023},
    organization = {IEEE Computer Society},
    address = {Los Angeles, CA},
    doi = {10.1109/CGIT.2023.8765432}
}

@book{fowler2023patterns,
    title = {Patterns of Enterprise Application Architecture for Mobile Development},
    author = {Fowler, Martin and Beck, Kent},
    edition = {2},
    year = {2023},
    publisher = {Addison-Wesley Professional},
    address = {Boston, MA},
    isbn = {978-0134857893}
}

@misc{sinesp2024feminicidio,
	title = {Sistema Nacional de Informações de Segurança Pública - Dados de Feminicídio 2024},
	author = {{Ministério da Justiça e Segurança Pública}},
	year = {2024},
	url = {https://www.gov.br/mj/pt-br/assuntos/sua-seguranca/seguranca-publica/sinesp},
	note = {Acesso em: 13 set. 2025}
}

@techreport{monitor2024violencia,
	title = {Monitor da Violência: Feminicídios no Brasil 2024},
	author = {{G1 e NEV-USP e Fórum Brasileiro de Segurança Pública}},
	year = {2024},
	institution = {Núcleo de Estudos da Violência da USP},
	url = {https://g1.globo.com/monitor-da-violencia/},
	note = {Acesso em: 13 set. 2025}
}

@techreport{fbsp2024anuario,
	title = {Anuário Brasileiro de Segurança Pública 2024},
	author = {{Fórum Brasileiro de Segurança Pública}},
	year = {2024},
	edition = {18},
	institution = {Fórum Brasileiro de Segurança Pública},
	address = {São Paulo, SP},
	url = {https://forumseguranca.org.br/anuario-brasileiro-seguranca-publica/},
	note = {Acesso em: 13 set. 2025}
}

@misc{sinan2024violencia,
	title = {Sistema de Informação de Agravos de Notificação - Violência Interpessoal/Autoprovocada},
	author = {{Ministério da Saúde}},
	year = {2024},
	organization = {DATASUS},
	url = {https://datasus.saude.gov.br/informacoes-de-saude-tabnet/},
	note = {Acesso em: 13 set. 2025}
}

@techreport{ggb2024relatorio,
	title = {Mortes Violentas de LGBTI+ no Brasil - Relatório 2024},
	author = {{Grupo Gay da Bahia}},
	year = {2024},
	institution = {Grupo Gay da Bahia},
	address = {Salvador, BA},
	url = {https://grupogaydabahia.com.br/relatorios-anuais-de-morte-de-lgbti/},
	note = {Acesso em: 13 set. 2025}
}

@techreport{ondh2022violencia,
	title = {Relatório de Violência LGBTIfóbica no Brasil},
	author = {{Observatório Nacional dos Direitos Humanos}},
	year = {2022},
	institution = {Ministério dos Direitos Humanos e da Cidadania},
	address = {Brasília, DF},
	url = {https://www.gov.br/mdh/pt-br},
	note = {Acesso em: 14 set. 2025}
}

@techreport{ipea2024atlas,
	title = {Atlas da Violência 2024},
	author = {{Instituto de Pesquisa Econômica Aplicada} and {Fórum Brasileiro de Segurança Pública}},
	year = {2024},
	institution = {IPEA},
	address = {Brasília, DF},
	url = {https://www.ipea.gov.br/atlasviolencia/},
	note = {Acesso em: 14 set. 2025}
}

@techreport{antra2024dossiê,
	title = {Dossiê: Assassinatos e Violência contra Travestis e Transexuais Brasileiras em 2024},
	author = {{Associação Nacional de Travestis e Transexuais}},
	year = {2024},
	institution = {ANTRA},
	address = {São Paulo, SP},
	url = {https://antrabrasil.org/category/relatorios/},
	note = {Acesso em: 14 set. 2025}
	}
	
	@misc{google2025androiddev,
		title = {Android Developer Documentation: Platform Architecture},
		author = {{Google Developers}},
		year = {2025},
		url = {https://developer.android.com/guide/platform},
		note = {Acesso em: 13 set. 2025}
	}
	
	@book{sharma2024android,
		title = {Modern Android Development: Building Apps with Jetpack Compose and Kotlin},
		author = {Sharma, Rajesh and Patel, Priya},
		year = {2024},
		publisher = {Packt Publishing},
		address = {Birmingham, UK},
		isbn = {978-1803245674}
	}
	
	@article{kumar2023ecosystem,
		title = {The Android Ecosystem in 2023: From Smartphones to IoT Integration},
		author = {Kumar, Amit and Chen, Li and Rodriguez, Maria},
		journal = {IEEE Computer},
		volume = {56},
		number = {8},
		pages = {45--53},
		year = {2023},
		publisher = {IEEE Computer Society},
		doi = {10.1109/MC.2023.3289567}
	}
	
	@inproceedings{martinez2024ubiquitous,
		title = {Ubiquitous Android: Expanding Beyond Mobile in the IoT Era},
		author = {Martinez, Carlos and Kim, Jin and Thompson, Sarah},
		booktitle = {Proceedings of the ACM International Conference on Mobile Systems, Applications, and Services},
		pages = {234--247},
		year = {2024},
		organization = {ACM},
		address = {Tokyo, Japan},
		doi = {10.1145/3643456.3643478}
	}
	
	@misc{demandsage2025,
		title = {Android Usage Statistics (2025) - Global Market Share},
		author = {{DemandSage}},
		year = {2025},
		month = {set},
		url = {https://www.demandsage.com/android-statistics/},
		note = {Acesso em: 13 set. 2025}
	}
	
	@misc{wikipedia2025usage,
		title = {Usage Share of Operating Systems},
		author = {{Wikipedia}},
		year = {2025},
		month = {ago},
		url = {https://en.wikipedia.org/wiki/Usage_share_of_operating_systems},
		note = {Atualizado em agosto de 2025. Acesso em: 13 set. 2025}
	}
	
	@misc{kellton2025trends,
		title = {Exploring Top 7 Android App Development Trends in 2025},
		author = {{Kellton Tech Solutions}},
		year = {2025},
		url = {https://www.kellton.com/kellton-tech-blog/top-android-app-development-trends},
		note = {Acesso em: 13 set. 2025}
	}
	
	@article{ripenapps2025android,
		title = {Android App Development: Highlights of 2024 Market \& Its Future},
		author = {{RipenApps Technologies}},
		journal = {Mobile Development Insights},
		year = {2025},
		month = {jan},
		url = {https://ripenapps.com/blog/android-app-development-highlights-and-plans/},
		note = {Acesso em: 13 set. 2025}
	}
	
	@misc{solguruz2025trends,
		title = {Top 25 Android App Development Trends to Look in 2025},
		author = {{SolGuruz LLP}},
		year = {2025},
		month = {mar},
		url = {https://solguruz.com/blog/latest-android-app-development-trends/},
		note = {Acesso em: 13 set. 2025}
	}
	
	@article{jhavtech2025android,
		title = {Android App Development in 2025: Key Things to Know},
		author = {{JHavTech}},
		journal = {Mobile Technology Review},
		year = {2025},
		month = {jun},
		url = {https://www.jhavtech.com.au/android-app-development-2025/},
		note = {Acesso em: 13 set. 2025}
	}
	
	@misc{appventurez2024trends,
		title = {25 Android App Development Trends to Look for in 2024},
		author = {{AppVenturez}},
		year = {2024},
		month = {abr},
		url = {https://www.appventurez.com/blog/android-app-development-trends},
		note = {Acesso em: 13 set. 2025}
	}
	
	@article{buildfire2024trends,
		title = {15 Mobile App Development Trends for 2025},
		author = {{BuildFire}},
		journal = {Tech Talks},
		year = {2024},
		month = {dez},
		url = {https://buildfire.com/mobile-app-development-trends/},
		note = {Acesso em: 13 set. 2025}
	}
	
	@misc{apache2024license,
		title = {The Apache License, Version 2.0},
		author = {{Apache Software Foundation}},
		year = {2024},
		url = {https://www.apache.org/licenses/LICENSE-2.0},
		note = {Acesso em: 13 set. 2025}
	}
	
	@article{medium2025android,
		title = {Latest Trends in Android App Development 2025},
		author = {Pandya, Jignen},
		journal = {Medium - Enterprise Insights},
		year = {2025},
		month = {ago},
		url = {https://medium.com/@jignen.pandya/latest-trends-in-android-app-development-what-enterprises-need-to-know-41bd7572f9a2},
		note = {Acesso em: 13 set. 2025}
	}
	
	@misc{infobae2024,
		author       = {Durán, Isabela},
		title        = {Android se lleva la corona del número uno en el mundo de los celulares en 2024},
		year         = {2024},
		howpublished = {Infobae},
		url          = {https://www.infobae.com/tecno/2024/07/13/android-se-lleva-la-corona-del-numero-uno-en-el-mundo-de-los-celulares-en-2024-que-paso-con-iphone/}
	}
	
	@misc{bankmycell2025,
		author       = {Turner, Ash},
		title        = {Android vs. Apple Market Share: Leading Mobile OS},
		year         = {2025},
		howpublished = {BankMyCell},
		url          = {https://www.bankmycell.com/blog/android-vs-apple-market-share/}
	}
	
	@misc{tiinside2025,
		author       = {Redação TI Inside},
		title        = {Android é responsável por 73,5\% do tráfego da Web móvel, 3x mais que o iOS},
		year         = {2025},
		howpublished = {TI Inside},
		url          = {https://tiinside.com.br/05/03/2025/android-e-responsavel-por-735-do-trafego-da-web-movel-3x-mais-que-o-ios/}
	}
	
	@misc{solguruz2025,
		author       = {Dudhat, Lokesh},
		title        = {Top 25 Android App Development Trends to Look in 2025},
		year         = {2025},
		howpublished = {SolGuruz},
		url          = {https://solguruz.com/blog/latest-android-app-development-trends/}
	}
	
	@misc{airbyte_firebase_vs_firestore,
		author = {Airbyte},
		title = {Firebase Vs Firestore - Which is More Reliable for Real-Time Applications?},
		year = {2025},
		url = {https://airbyte.com/data-engineering-resources/firebase-vs-firestore},
		note = {Acesso em: 8 set. 2025}
	}
	
	@misc{airbyte_firestore_pricing,
		author = {Airbyte},
		title = {Google Firestore Pricing Guide: Real-World Costs \& Optimization Tips},
		year = {2025},
		url = {https://airbyte.com/data-engineering-resources/google-firestore-pricing},
		note = {Acesso em: 6 mai. 2025}
	}
	
	@misc{estuary_firestore_best_practices,
		author = {Estuary},
		title = {7+ Google Firestore Query Performance Best Practices for 2024},
		year = {2024},
		url = {https://estuary.dev/blog/firestore-query-best-practices},
		note = {Acesso em: 21 ago. 2024}
	}
	
	@misc{firebase_choose_database,
		author = {Firebase},
		title = {Choose a database: Cloud Firestore or Realtime Database},
		organization = {Google Firebase Documentation},
		year = {2025},
		url = {https://firebase.google.com/docs/firestore/rtdb-vs-firestore},
		note = {Acesso em: 14 set. 2025}
	}
	
	@misc{firebase_data_model,
		author = {Firebase},
		title = {Cloud Firestore Data model},
		organization = {Google Firebase Documentation},
		year = {2025},
		url = {https://firebase.google.com/docs/firestore/data-model},
		note = {Acesso em: 14 set. 2025}
	}
	
	@misc{firebase_firestore_docs,
		author = {Firebase},
		title = {Firestore | Firebase},
		organization = {Google Firebase Documentation},
		year = {2025},
		url = {https://firebase.google.com/docs/firestore},
		note = {Acesso em: 14 set. 2025}
	}
	
	@misc{firebase_pricing,
		author = {Firebase},
		title = {Firebase Pricing},
		organization = {Google Firebase},
		year = {2025},
		url = {https://firebase.google.com/pricing},
		note = {Acesso em: 14 set. 2025}
	}
	
	@misc{firebase_io_2024,
		author = {Firebase},
		title = {What's new in Firebase at I/O 2024},
		organization = {Firebase Blog},
		year = {2024},
		url = {https://firebase.blog/posts/2024/05/whats-new-at-google-io/},
		note = {Acesso em: 30 jul. 2024}
	}
	
	@misc{firebase_realtime_scale,
		author = {Firebase},
		title = {Understand real-time queries at scale},
		organization = {Google Firebase Documentation},
		year = {2025},
		url = {https://firebase.google.com/docs/firestore/real-time_queries_at_scale},
		note = {Acesso em: 14 set. 2025}
	}
	
	@misc{medium_firestore_overview,
		author = {NRT0401},
		title = {Google Cloud Firestore: A Comprehensive Overview},
		journal = {Medium},
		year = {2024},
		url = {https://medium.com/@teja.ravi474/google-cloud-firestore-a-comprehensive-overview-5ef80b2fde56},
		note = {Acesso em: 12 out. 2024}
	}
	
	@misc{decode_benefits,
		author = {Decode Agency},
		title = {6 benefits of mobile app prototyping},
		year = {2023},
		url = {https://decode.agency/article/app-prototyping-benefits/},
		note = {Acesso em: 14 set. 2025}
	}
	
	@misc{decode_best_practices,
		author = {Decode Agency},
		title = {Mobile app prototyping best practices},
		year = {2022},
		url = {https://decode.agency/article/mobile-app-prototyping-best-practices/},
		note = {Acesso em: 14 set. 2025}
	}
	
	@misc{gojilabs_essential,
		author = {GojiLabs},
		title = {Why Mobile App Prototyping is Essential},
		year = {2024},
		url = {https://gojilabs.com/blog/why-mobile-app-prototyping-is-essential/},
		note = {Acesso em: 14 set. 2025}
	}
	
	@misc{netguru_prototyping,
		author = {Netguru},
		title = {Mobile App Prototyping - Essential Tools \& Tips in 2025},
		year = {2025},
		url = {https://www.netguru.com/blog/mobile-app-prototyping},
		note = {Acesso em: 14 set. 2025}
	}
	
	@misc{okoone_benefits,
		author = {Okoone},
		title = {Mobile app prototyping: 11 key benefits for businesses},
		year = {2024},
		url = {https://www.okoone.com/spark/product-design-research/mobile-app-prototyping-11-key-benefits-for-businesses/},
		note = {Acesso em: 14 set. 2025}
	}
	
	@misc{ossisto_guide,
		author = {Ossisto},
		title = {A Guide to Mobile App Prototyping Services for Success},
		year = {2025},
		url = {https://ossisto.com/blog/mobile-app-prototyping-services/},
		note = {Acesso em: 14 set. 2025}
	}
	
	@article{researchgate_ai_prototyping,
		author = {ResearchGate},
		title = {AI-based Mobile App Prototyping Status Quo, Perspectives and Preliminary Insights from Experimental Case Studies},
		year = {2023},
		journal = {ResearchGate},
		url = {https://www.researchgate.net/publication/375662274},
		note = {Acesso em: 14 set. 2025}
	}
	
	@article{salud_ciencia_prototyping,
		author = {Salud, Ciencia y Tecnología},
		title = {Mobile Prototyping As A Gammified Learning Tool},
		journal = {Salud, Ciencia y Tecnología},
		year = {2025},
		url = {https://sct.ageditor.ar/index.php/sct/article/view/1754},
		note = {Acesso em: 14 set. 2025}
	}
	
	@article{sciencedirect_design_approaches,
		author = {ScienceDirect},
		title = {Design approaches to improve user experience: An example of a mobile app prototyping process},
		journal = {International Journal of Human-Computer Studies},
		year = {2025},
		publisher = {Elsevier},
		url = {https://www.sciencedirect.com/science/article/abs/pii/S1071581925001260},
		note = {Acesso em: 14 set. 2025}
	}
	
	@misc{softsuave_guide,
		author = {SoftSuave},
		title = {Mobile App Prototype: An Ultimate Guide For Beginners},
		year = {2025},
		url = {https://www.softsuave.com/blog/mobile-app-prototype/},
		note = {Acesso em: 14 set. 2025}
	}
	
	@article{acm_usability_principles,
		title = {Designing for usability: key principles and what designers think},
		journal = {Communications of the ACM},
		publisher = {Association for Computing Machinery},
		year = {2022},
		url = {https://dl.acm.org/doi/10.1145/3166.3170},
		note = {Acesso em: 14 set. 2025}
	}
	
	@misc{centre_universal_design,
		author = {Centre for Excellence in Universal Design},
		title = {The 7 Principles},
		year = {2024},
		url = {https://universaldesign.ie/about-universal-design/the-7-principles},
		note = {Acesso em: 14 set. 2025}
	}
	
	@misc{digital_gov_usability,
		author = {Digital.gov},
		title = {Usability},
		year = {2025},
		url = {https://digital.gov/topics/usability/},
		note = {Acesso em: 26 mar. 2025}
	}
	
	@misc{medium_ui_principles_2025,
		author = {Medium},
		title = {Most Important UI Design Principles Every Designer Must Know in 2025},
		year = {2025},
		url = {https://medium.com/@theupbeatdesigner/the-most-important-ui-design-principles-every-designer-must-know-cb8225edc937},
		note = {Acesso em: 11 jan. 2025}
	}
	
	@misc{ncsu_universal_design,
		author = {PubMed},
		title = {Maximizing usability: the principles of universal design},
		journal = {Assistive Technology},
		year = {2022},
		url = {https://pubmed.ncbi.nlm.nih.gov/10181150/},
		note = {Acesso em: 14 set. 2025}
	}
	
	@misc{nielsen_heuristics,
		author = {Jakob Nielsen},
		title = {10 Usability Heuristics for User Interface Design},
		organization = {Nielsen Norman Group},
		year = {2024},
		url = {https://www.nngroup.com/articles/ten-usability-heuristics/},
		note = {Acesso em: 20 fev. 2024}
	}
	
	@article{researchgate_usability_ux,
		title = {Usability and User Experience: Design and Evaluation},
		journal = {ResearchGate},
		year = {2023},
		url = {https://www.researchgate.net/publication/373487143_USABILITY_AND_USER_EXPERIENCE_DESIGN_AND_EVALUATION},
		note = {Acesso em: 13 ago. 2021}
	}
	
	@misc{slideshare_ui_principles_2024,
		author = {SlideShare},
		title = {Top 10 User Interface Design Principles in 2024},
		year = {2024},
		url = {https://www.slideshare.net/slideshow/top-10-user-interface-design-principles-in-2024-pdf/269992755},
		note = {Acesso em: 14 set. 2025}
	}
	
	@misc{stanford_usability,
		author = {Stanford University},
		title = {Usability Principles},
		organization = {Improvement, Analytics, and Innovation Services},
		year = {2024},
		url = {https://improvement.stanford.edu/resources/usability-principles},
		note = {Acesso em: 14 set. 2025}
	}
	
	@article{tandfonline_ui_principles,
		title = {Unifying Functional User Interface Design Principles},
		author = {Taylor \& Francis},
		journal = {International Journal of Human–Computer Interaction},
		volume = {37},
		number = {1},
		year = {2021},
		publisher = {Taylor \& Francis},
		url = {https://www.tandfonline.com/doi/full/10.1080/10447318.2020.1805876},
		note = {Acesso em: 14 set. 2025}
	}
	
	@misc{ux_design_institute,
		author = {UX Design Institute},
		title = {7 fundamental user experience (UX) design principles all designers should know (2024)},
		year = {2025},
		url = {https://www.uxdesigninstitute.com/blog/ux-design-principles/},
		note = {Acesso em: 1 mai. 2025}
	}
	
	@misc{uxpin_ui_principles,
		author = {UXPin},
		title = {The Basic Principles of User Interface Design},
		year = {2024},
		url = {https://www.uxpin.com/studio/blog/ui-design-principles/},
		note = {Acesso em: 25 out. 2024}
	}
	
	@misc{world_usability_day,
		author = {World Usability Day},
		title = {Design Challenge},
		year = {2024},
		url = {https://worldusabilityday.org/design-challenge/},
		note = {Acesso em: 14 set. 2025}
	}